@article{Lawrence2004Gaussian,
	Author = {Lawrence, N.D.},
	Date-Added = {2012-07-27 15:37:11 +0000},
	Date-Modified = {2013-04-04 08:25:41 +0000},
	Journal = {Advances in neural information processing systems},
	Owner = {maxz},
	Pages = {329--336},
	Publisher = {of},
	Timestamp = {2012.06.19},
	Title = {{G}aussian process latent variable models for visualisation of high dimensional data},
	Volume = {16},
	Year = {2004},
	Bdsk-File-1 = {YnBsaXN0MDDUAQIDBAUGJCVYJHZlcnNpb25YJG9iamVjdHNZJGFyY2hpdmVyVCR0b3ASAAGGoKgHCBMUFRYaIVUkbnVsbNMJCgsMDxJXTlMua2V5c1pOUy5vYmplY3RzViRjbGFzc6INDoACgAOiEBGABIAFgAdccmVsYXRpdmVQYXRoWWFsaWFzRGF0YV8QmkJpYmxpb2dyYXBoeS9hcnRpY2xlL0xhd3JlbmNlL0dhdXNzaWFuIHByb2Nlc3MgbGF0ZW50IHZhcmlhYmxlIG1vZGVscyBmb3IgdmlzdWFsaXNhdGlvbiBvZiBoaWdoIGRpbWVuc2lvbmFsIGRhdGEwKEFkdmFuY2VzIGluIG5ldXJhbCBpbmZvcm1hdGlvbiAyMDA0KS5wZGbSFwsYGVdOUy5kYXRhTxEDKgAAAAADKgACAAAMTWFjaW50b3NoIEhEAAAAAAAAAAAAAAAAAAAAxjrcFEgrAAACQULUH0dhdXNzaWFuIHByb2Nlc3MgbGEjMUEwRjg0OS5wZGYAAAAAAAAAAAAAAAAAAAAAAAAAAAAAAAAAAAAAAAAAAAGg+EnMBfz2AAAAAAAAAAAAAQAFAAAJIAAAAAAAAAAAAAAAAAAAAAhMYXdyZW5jZQAQAAgAAMY6zgQAAAARAAgAAMwF7uYAAAABABwCQULUAkFCYgJBQkoAaIzqAER0VQAL1vIAAIXtAAIAaU1hY2ludG9zaCBIRDpVc2VyczoATWF4OgBEcm9wYm94OgBQYXBlcjoAQmlibGlvZ3JhcGh5OgBhcnRpY2xlOgBMYXdyZW5jZToAR2F1c3NpYW4gcHJvY2VzcyBsYSMxQTBGODQ5LnBkZgAADgD6AHwARwBhAHUAcwBzAGkAYQBuACAAcAByAG8AYwBlAHMAcwAgAGwAYQB0AGUAbgB0ACAAdgBhAHIAaQBhAGIAbABlACAAbQBvAGQAZQBsAHMAIABmAG8AcgAgAHYAaQBzAHUAYQBsAGkAcwBhAHQAaQBvAG4AIABvAGYAIABoAGkAZwBoACAAZABpAG0AZQBuAHMAaQBvAG4AYQBsACAAZABhAHQAYQAwACgAQQBkAHYAYQBuAGMAZQBzACAAaQBuACAAbgBlAHUAcgBhAGwAIABpAG4AZgBvAHIAbQBhAHQAaQBvAG4AIAAyADAAMAA0ACkALgBwAGQAZgAPABoADABNAGEAYwBpAG4AdABvAHMAaAAgAEgARAASALJVc2Vycy9NYXgvRHJvcGJveC9QYXBlci9CaWJsaW9ncmFwaHkvYXJ0aWNsZS9MYXdyZW5jZS9HYXVzc2lhbiBwcm9jZXNzIGxhdGVudCB2YXJpYWJsZSBtb2RlbHMgZm9yIHZpc3VhbGlzYXRpb24gb2YgaGlnaCBkaW1lbnNpb25hbCBkYXRhMChBZHZhbmNlcyBpbiBuZXVyYWwgaW5mb3JtYXRpb24gMjAwNCkucGRmABMAAS8AABUAAgAK//8AAIAG0hscHR5aJGNsYXNzbmFtZVgkY2xhc3Nlc11OU011dGFibGVEYXRhox0fIFZOU0RhdGFYTlNPYmplY3TSGxwiI1xOU0RpY3Rpb25hcnmiIiBfEA9OU0tleWVkQXJjaGl2ZXLRJidUcm9vdIABAAgAEQAaACMALQAyADcAQABGAE0AVQBgAGcAagBsAG4AcQBzAHUAdwCEAI4BKwEwATgEZgRoBG0EeASBBI8EkwSaBKMEqAS1BLgEygTNBNIAAAAAAAACAQAAAAAAAAAoAAAAAAAAAAAAAAAAAAAE1A==}}

@article{Rocke2001A-model,
	Author = {Rocke, D.M. and Durbin, B.},
	Date-Added = {2013-04-04 08:23:23 +0000},
	Date-Modified = {2013-04-04 08:25:49 +0000},
	Journal = {Journal of Computational Biology},
	Number = {6},
	Pages = {557--569},
	Publisher = {Mary Ann Liebert, Inc.},
	Title = {A model for measurement error for gene expression arrays},
	Volume = {8},
	Year = {2001}}

@article{Vandesompele2002Accurate,
	Author = {Vandesompele, J. and De Preter, K. and Pattyn, F. and Poppe, B. and Van Roy, N. and De Paepe, A. and Speleman, F.},
	Date-Added = {2013-04-04 08:23:23 +0000},
	Date-Modified = {2013-04-04 08:25:49 +0000},
	Journal = {Genome biology},
	Number = {7},
	Pages = {research0034},
	Publisher = {BioMed Central Ltd},
	Title = {Accurate normalization of real-time quantitative RT-PCR data by geometric averaging of multiple internal control genes},
	Volume = {3},
	Year = {2002}}

@article{Bar-Joseph2004Analyzing,
	Author = {Bar-Joseph, Z.},
	Date-Added = {2013-04-04 08:23:23 +0000},
	Date-Modified = {2013-04-04 08:25:49 +0000},
	Journal = {Bioinformatics},
	Number = {16},
	Pages = {2493--2503},
	Publisher = {Oxford Univ Press},
	Title = {Analyzing time series gene expression data},
	Volume = {20},
	Year = {2004}}

@article{Stegle2010A-robust,
	Author = {Stegle, Oliver and Denby, Katherine J and Cooke, Emma J and Wild, David L and Ghahramani, Zoubin and Borgwardt, Karsten M},
	Date-Added = {2013-03-17 16:11:15 +0000},
	Date-Modified = {2013-04-04 08:25:41 +0000},
	Journal = {Journal of Computational Biology},
	Number = {3},
	Pages = {355--367},
	Publisher = {Mary Ann Liebert, Inc. 140 Huguenot Street, 3rd Floor New Rochelle, NY 10801 USA},
	Title = {A robust Bayesian two-sample test for detecting intervals of differential gene expression in microarray time series},
	Volume = {17},
	Year = {2010},
	Bdsk-File-1 = {YnBsaXN0MDDUAQIDBAUGJCVYJHZlcnNpb25YJG9iamVjdHNZJGFyY2hpdmVyVCR0b3ASAAGGoKgHCBMUFRYaIVUkbnVsbNMJCgsMDxJXTlMua2V5c1pOUy5vYmplY3RzViRjbGFzc6INDoACgAOiEBGABIAFgAdccmVsYXRpdmVQYXRoWWFsaWFzRGF0YV8QuEJpYmxpb2dyYXBoeS9hcnRpY2xlL1N0ZWdsZS9BIHJvYnVzdCBCYXllc2lhbiB0d28tc2FtcGxlIHRlc3QgZm9yIGRldGVjdGluZyBpbnRlcnZhbHMgb2YgZGlmZmVyZW50aWFsIGdlbmUgZXhwcmVzc2lvbiBpbiBtaWNyb2FycmF5IHRpbWUgc2VyaWVzKEpvdXJuYWwgb2YgQ29tcHV0YXRpb25hbCBCaW9sbyAyMDEwKS5wZGbSFwsYGVdOUy5kYXRhTxEDhAAAAAADhAACAAAMTWFjaW50b3NoIEhEAAAAAAAAAAAAAAAAAAAAxjrcFEgrAAACQUMuH0Egcm9idXN0IEJheWVzaWFuIHQjMzRFRDFDNy5wZGYAAAAAAAAAAAAAAAAAAAAAAAAAAAAAAAAAAAAAAAAAAANO0cfNa5u7AAAAAAAAAAAAAQAFAAAJIAAAAAAAAAAAAAAAAAAAAAZTdGVnbGUAEAAIAADGOs4EAAAAEQAIAADNa5u7AAAAAQAcAkFDLgJBQmICQUJKAGiM6gBEdFUAC9byAACF7QACAGdNYWNpbnRvc2ggSEQ6VXNlcnM6AE1heDoARHJvcGJveDoAUGFwZXI6AEJpYmxpb2dyYXBoeToAYXJ0aWNsZToAU3RlZ2xlOgBBIHJvYnVzdCBCYXllc2lhbiB0IzM0RUQxQzcucGRmAAAOAToAnABBACAAcgBvAGIAdQBzAHQAIABCAGEAeQBlAHMAaQBhAG4AIAB0AHcAbwAtAHMAYQBtAHAAbABlACAAdABlAHMAdAAgAGYAbwByACAAZABlAHQAZQBjAHQAaQBuAGcAIABpAG4AdABlAHIAdgBhAGwAcwAgAG8AZgAgAGQAaQBmAGYAZQByAGUAbgB0AGkAYQBsACAAZwBlAG4AZQAgAGUAeABwAHIAZQBzAHMAaQBvAG4AIABpAG4AIABtAGkAYwByAG8AYQByAHIAYQB5ACAAdABpAG0AZQAgAHMAZQByAGkAZQBzACgASgBvAHUAcgBuAGEAbAAgAG8AZgAgAEMAbwBtAHAAdQB0AGEAdABpAG8AbgBhAGwAIABCAGkAbwBsAG8AIAAyADAAMQAwACkALgBwAGQAZgAPABoADABNAGEAYwBpAG4AdABvAHMAaAAgAEgARAASANBVc2Vycy9NYXgvRHJvcGJveC9QYXBlci9CaWJsaW9ncmFwaHkvYXJ0aWNsZS9TdGVnbGUvQSByb2J1c3QgQmF5ZXNpYW4gdHdvLXNhbXBsZSB0ZXN0IGZvciBkZXRlY3RpbmcgaW50ZXJ2YWxzIG9mIGRpZmZlcmVudGlhbCBnZW5lIGV4cHJlc3Npb24gaW4gbWljcm9hcnJheSB0aW1lIHNlcmllcyhKb3VybmFsIG9mIENvbXB1dGF0aW9uYWwgQmlvbG8gMjAxMCkucGRmABMAAS8AABUAAgAK//8AAIAG0hscHR5aJGNsYXNzbmFtZVgkY2xhc3Nlc11OU011dGFibGVEYXRhox0fIFZOU0RhdGFYTlNPYmplY3TSGxwiI1xOU0RpY3Rpb25hcnmiIiBfEA9OU0tleWVkQXJjaGl2ZXLRJidUcm9vdIABAAgAEQAaACMALQAyADcAQABGAE0AVQBgAGcAagBsAG4AcQBzAHUAdwCEAI4BSQFOAVYE3gTgBOUE8AT5BQcFCwUSBRsFIAUtBTAFQgVFBUoAAAAAAAACAQAAAAAAAAAoAAAAAAAAAAAAAAAAAAAFTA==}}

@article{Aach2001Aligning,
	Author = {Aach, J. and Church, G.M.},
	Date-Added = {2013-04-04 08:23:23 +0000},
	Date-Modified = {2013-04-04 08:25:49 +0000},
	Journal = {Bioinformatics},
	Number = {6},
	Pages = {495--508},
	Publisher = {Oxford Univ Press},
	Title = {Aligning gene expression time series with time warping algorithms},
	Volume = {17},
	Year = {2001}}

