%% This BibTeX bibliography file was created using BibDesk.
%% http://bibdesk.sourceforge.net/


%% Created for Max Zwiessele at 2012-03-19 14:40:20 +0100 


%% Saved with string encoding Unicode (UTF-8) 



@article{rasmussen2004gaussian,
	Author = {Rasmussen, C.},
	Date-Added = {2012-03-19 12:12:55 +0000},
	Date-Modified = {2012-03-19 12:12:55 +0000},
	Journal = {Advanced Lectures on Machine Learning},
	Pages = {63--71},
	Publisher = {Springer},
	Title = {Gaussian processes in machine learning},
	Year = {2004}}

@article{lawrence2004gaussian,
	Author = {Lawrence, N.D.},
	Date-Added = {2012-03-19 11:05:19 +0000},
	Date-Modified = {2012-03-19 11:05:19 +0000},
	Journal = {Advances in neural information processing systems},
	Pages = {329--336},
	Publisher = {of},
	Title = {Gaussian process latent variable models for visualisation of high dimensional data},
	Volume = {16},
	Year = {2004}}

@article{stegle2010robust,
	Author = {Stegle, O. and Denby, K.J. and Cooke, E.J. and Wild, D.L. and Ghahramani, Z. and Borgwardt, K.M.},
	Date-Added = {2012-03-19 10:57:10 +0000},
	Date-Modified = {2012-03-19 10:57:10 +0000},
	Journal = {Journal of Computational Biology},
	Number = {3},
	Pages = {355--367},
	Publisher = {Mary Ann Liebert, Inc. 140 Huguenot Street, 3rd Floor New Rochelle, NY 10801 USA},
	Title = {A robust Bayesian two-sample test for detecting intervals of differential gene expression in microarray time series},
	Volume = {17},
	Year = {2010}}

@article{rocke2001model,
	Author = {Rocke, D.M. and Durbin, B.},
	Date-Added = {2012-03-19 10:29:03 +0000},
	Date-Modified = {2012-03-19 10:29:03 +0000},
	Journal = {Journal of Computational Biology},
	Number = {6},
	Pages = {557--569},
	Publisher = {Mary Ann Liebert, Inc.},
	Title = {A model for measurement error for gene expression arrays},
	Volume = {8},
	Year = {2001}}

@article{aach2001aligning,
	Author = {Aach, J. and Church, G.M.},
	Date-Added = {2012-03-19 10:25:37 +0000},
	Date-Modified = {2012-03-19 10:25:37 +0000},
	Journal = {Bioinformatics},
	Number = {6},
	Pages = {495--508},
	Publisher = {Oxford Univ Press},
	Title = {Aligning gene expression time series with time warping algorithms},
	Volume = {17},
	Year = {2001}}

@article{vandesompele2002accurate,
	Author = {Vandesompele, J. and De Preter, K. and Pattyn, F. and Poppe, B. and Van Roy, N. and De Paepe, A. and Speleman, F.},
	Date-Added = {2012-03-19 10:24:49 +0000},
	Date-Modified = {2012-03-19 10:24:49 +0000},
	Journal = {Genome biology},
	Number = {7},
	Pages = {research0034},
	Publisher = {BioMed Central Ltd},
	Title = {Accurate normalization of real-time quantitative RT-PCR data by geometric averaging of multiple internal control genes},
	Volume = {3},
	Year = {2002}}

@article{bar2004analyzing,
	Author = {Bar-Joseph, Z.},
	Date-Added = {2012-03-19 10:17:21 +0000},
	Date-Modified = {2012-03-19 10:17:21 +0000},
	Journal = {Bioinformatics},
	Number = {16},
	Pages = {2493--2503},
	Publisher = {Oxford Univ Press},
	Title = {Analyzing time series gene expression data},
	Volume = {20},
	Year = {2004}}

@article{schadt2003genetics,
	Author = {Schadt, E.E. and Monks, S.A. and Drake, T.A. and Lusis, A.J. and Che, N. and Colinayo, V. and Ruff, T.G. and Milligan, S.B. and Lamb, J.R. and Cavet, G. and others},
	Date-Added = {2012-03-19 09:53:43 +0000},
	Date-Modified = {2012-03-19 09:53:43 +0000},
	Journal = {Nature},
	Number = {6929},
	Pages = {297--302},
	Publisher = {Nature Publishing Group},
	Title = {Genetics of gene expression surveyed in maize, mouse and man},
	Volume = {422},
	Year = {2003}}

@article{leek2007capturing,
	Author = {Leek, J.T. and Storey, J.D.},
	Date-Added = {2011-12-19 12:22:37 +0000},
	Date-Modified = {2011-12-19 12:22:37 +0000},
	Journal = {PLoS Genetics},
	Number = {9},
	Pages = {e161},
	Publisher = {Public Library of Science},
	Title = {Capturing heterogeneity in gene expression studies by surrogate variable analysis},
	Volume = {3},
	Year = {2007}}

@article{kang2008accurate,
	Author = {Kang, H.M. and Ye, C. and Eskin, E.},
	Date-Added = {2011-12-19 10:41:59 +0000},
	Date-Modified = {2011-12-19 10:41:59 +0000},
	Journal = {Genetics},
	Number = {4},
	Pages = {1909--1925},
	Publisher = {Genetics Soc America},
	Title = {Accurate discovery of expression quantitative trait loci under confounding from spurious and genuine regulatory hotspots},
	Volume = {180},
	Year = {2008}}

@article{cookson2009mapping,
	Author = {Cookson, W. and Liang, L. and Abecasis, G. and Moffatt, M. and Lathrop, M.},
	Date-Added = {2011-12-19 10:20:40 +0000},
	Date-Modified = {2011-12-19 10:20:40 +0000},
	Journal = {Nature Reviews Genetics},
	Number = {3},
	Pages = {184--194},
	Publisher = {Nature Publishing Group},
	Title = {Mapping complex disease traits with global gene expression},
	Volume = {10},
	Year = {2009}}

@article{listgarten2010correction,
	Author = {Listgarten, J. and Kadie, C. and Schadt, E.E. and Heckerman, D.},
	Date-Added = {2011-12-19 10:13:06 +0000},
	Date-Modified = {2011-12-19 10:13:06 +0000},
	Journal = {Proceedings of the National Academy of Sciences},
	Number = {38},
	Pages = {16465--16470},
	Publisher = {National Acad Sciences},
	Title = {Correction for hidden confounders in the genetic analysis of gene expression},
	Volume = {107},
	Year = {2010}}
